<?xml version="1.0" encoding="utf-8"?>
<record xmlns="http://www.loc.gov/MARC21/slim" xmlns:xsi="http://www.w3.org/2001/XMLSchema-instance" xsi:schemaLocation="http://www.loc.gov/MARC21/slim http://www.loc.gov/standards/marcxml/schema/MARC21slim.xsd">
	<leader>     nam a22     Mi 4500</leader>
	<controlfield tag="001">b17609756</controlfield>
	<controlfield tag="003">LeBAU</controlfield>
	<controlfield tag="006">m        d        </controlfield>
	<controlfield tag="007">cr cn |||m|||a</controlfield>
	<controlfield tag="008">180301s1928    ua      o     ||0 0 ara d</controlfield>
	<datafield ind1=" " ind2=" " tag="040">
		<subfield code="a">ZYU</subfield>
		<subfield code="b">ara</subfield>
		<subfield code="e">rda</subfield>
		<subfield code="c">ZYU</subfield>
	</datafield>
	<datafield ind1=" " ind2="4" tag="050">
		<subfield code="a">PJ7745</subfield>
		<subfield code="b">.I15I5 1928</subfield>
	</datafield>
	<datafield ind1="0" ind2="4" tag="082">
		<subfield code="a">892.708</subfield>
		<subfield code="2">23</subfield>
	</datafield>
	<datafield ind1="1" ind2=" " tag="100">
		<subfield code="6">880-01</subfield>
		<subfield code="a">Ibn ʻAbd Rabbih, Aḥmad ibn Muḥammad,</subfield>
		<subfield code="d">860-940,</subfield>
		<subfield code="e">author.</subfield>
	</datafield>
	<datafield ind1="1" ind2="3" tag="245">
		<subfield code="6">880-02</subfield>
		<subfield code="a">al-ʻIqd al-farīd /</subfield>
		<subfield code="c">lil-imām al-fāḍil Shihāb al-Dīn Aḥmad al-ma‘rūf bi-ibn ‘Abd Rabbuh al-Andalusī.</subfield>
	</datafield>
	<datafield ind1=" " ind2=" " tag="250">
		<subfield code="6">880-03</subfield>
		<subfield code="a">al-Ṭab‘ah al-thānīyah.</subfield>
	</datafield>
	<datafield ind1=" " ind2="1" tag="264">
		<subfield code="6">880-04</subfield>
		<subfield code="a">Miṣr :</subfield>
		<subfield code="b">al-Maṭba‘ah al-Azharīyah,</subfield>
		<subfield code="c">1346 H. = 1928 M.</subfield>
	</datafield>
	<datafield ind1=" " ind2=" " tag="300">
		<subfield code="6">880-05</subfield>
		<subfield code="a">online resource (4 volumes)</subfield>
	</datafield>
	<datafield ind1=" " ind2=" " tag="336">
		<subfield code="a">text</subfield>
		<subfield code="2">rdacontent</subfield>
	</datafield>
	<datafield ind1=" " ind2=" " tag="337">
		<subfield code="a">computer</subfield>
		<subfield code="2">rdamedia</subfield>
	</datafield>
	<datafield ind1=" " ind2=" " tag="338">
		<subfield code="a">online resource</subfield>
		<subfield code="2">rdacarrier</subfield>
	</datafield>
	<datafield ind1=" " ind2=" " tag="500">
		<subfield code="a">Part of the Arabic Collections Online (ACO) project, contributed by American University of Beirut's Jafet Memorial Library.</subfield>
	</datafield>
	<datafield ind1=" " ind2=" " tag="533">
		<subfield code="a">Electronic reproduction.</subfield>
		<subfield code="b">New York, N.Y. :</subfield>
		<subfield code="c">New York University,</subfield>
		<subfield code="d">2018.</subfield>
		<subfield code="5">NNU</subfield>
	</datafield>
	<datafield ind1=" " ind2="0" tag="650">
		<subfield code="6">880-06</subfield>
		<subfield code="a">Arabic literature</subfield>
		<subfield code="v">Early works to 1800.</subfield>
	</datafield>
	<datafield ind1=" " ind2="0" tag="650">
		<subfield code="6">880-07</subfield>
		<subfield code="a">Arabic poetry</subfield>
		<subfield code="v">Early works to 1800.</subfield>
	</datafield>
	<datafield ind1=" " ind2="0" tag="650">
		<subfield code="6">880-08</subfield>
		<subfield code="a">Poets, Arab</subfield>
		<subfield code="v">Early works to 1800.</subfield>
	</datafield>
	<datafield ind1=" " ind2="0" tag="650">
		<subfield code="6">880-09</subfield>
		<subfield code="a">Arabic wit and humor</subfield>
		<subfield code="v">Early works to 1800.</subfield>
	</datafield>
	<datafield ind1="2" ind2=" " tag="710">
		<subfield code="a">Jafet Memorial Library.</subfield>
	</datafield>
	<datafield ind1="0" ind2=" " tag="730">
		<subfield code="a">Arabic Collections Online.</subfield>
	</datafield>
	<datafield ind1="0" ind2=" " tag="775">
		<subfield code="6">880-10</subfield>
		<subfield code="t">Kitāb al-ʻIqd al-farīd</subfield>
		<subfield code="d">Bayrūt : Dār al-Kitāb al-ʻArabī, 1403 H. = 1983 M.</subfield>
		<subfield code="w">b19168287</subfield>
	</datafield>
	<datafield ind1="0" ind2=" " tag="775">
		<subfield code="6">880-11</subfield>
		<subfield code="t">al-ʻIqd al-farīd.</subfield>
		<subfield code="b">al-Ṭab‘ah al-thānīyah</subfield>
		<subfield code="d">al-Qāhirah : Maṭba‘at al-Istiqāmah, 1372 [H.] = 1953 [M.]</subfield>
		<subfield code="w">(OCoLC)784384918</subfield>
		<subfield code="w">(OCoLC)784384918</subfield>
	</datafield>
	<datafield ind1="0" ind2=" " tag="775">
		<subfield code="6">880-12</subfield>
		<subfield code="t">al-ʻIqd al-farīd</subfield>
		<subfield code="d">Bayrūt : Maktabat Ṣādir, 1951-1955</subfield>
		<subfield code="w">(OCoLC)784425341</subfield>
		<subfield code="w">(OCoLC)784425341</subfield>
	</datafield>
	<datafield ind1="0" ind2=" " tag="775">
		<subfield code="6">880-13</subfield>
		<subfield code="t">al-ʻIqd al-farīd.</subfield>
		<subfield code="b">al-Ṭab‘ah al-ūlá</subfield>
		<subfield code="d">Miṣr : al-Maṭba‘ah al-Jamālīyah, 1331 H, 1913 M.</subfield>
		<subfield code="w">(OCoLC)784384950</subfield>
		<subfield code="w">(OCoLC)784384950</subfield>
	</datafield>
	<datafield ind1="0" ind2=" " tag="775">
		<subfield code="6">880-14</subfield>
		<subfield code="t">al-ʻIqd al-farīd.</subfield>
		<subfield code="b">al-Ṭab‘ah al-thānīyah</subfield>
		<subfield code="d">Bayrūt : Dār al-Masīrah, 1981</subfield>
		<subfield code="w">(OCoLC)784384964</subfield>
		<subfield code="w">(OCoLC)784384964</subfield>
	</datafield>
	<datafield ind1="0" ind2=" " tag="775">
		<subfield code="6">880-15</subfield>
		<subfield code="t">al-ʻIqd al-farīd</subfield>
		<subfield code="d">al-Qāhirah, [Miṣr] : Maṭba‘at Lajnat al-Taʼlīf wa-al-Tarjamah wa-al-Nashr, 1367-1372 H, 1940-1953 M.</subfield>
		<subfield code="w">(OCoLC)784384955</subfield>
		<subfield code="w">(OCoLC)784384955</subfield>
	</datafield>
	<datafield ind1="0" ind2=" " tag="775">
		<subfield code="6">880-16</subfield>
		<subfield code="t">al-ʻIqd al-farīd</subfield>
		<subfield code="d">Bayrūt : Dār al-Kitāb al-ʻArabī, 1406 H. = 1986 M.</subfield>
		<subfield code="w">b19179947</subfield>
	</datafield>
	<datafield ind1="0" ind2="8" tag="776">
		<subfield code="i">Print version:</subfield>
		<subfield code="a">Ibn ʻAbd Rabbih, Aḥmad ibn Muḥammad, 860-940, author.</subfield>
		<subfield code="t">al-ʻIqd al-farīd</subfield>
		<subfield code="w">(LeBAU)b17609756</subfield>
	</datafield>
	<datafield ind1="4" ind2="0" tag="856">
		<subfield code="u">http://hdl.handle.net/2333.1/wm37q24d</subfield>
	</datafield>
	<datafield ind1="1" ind2=" " tag="880">
		<subfield code="6">100-01</subfield>
		<subfield code="a">ابن عبد ربه، احمد بن محمد،</subfield>
		<subfield code="d">860-940،</subfield>
		<subfield code="e">مؤلف.</subfield>
		<subfield code="4">aut.</subfield>
	</datafield>
	<datafield ind1="1" ind2="2" tag="880">
		<subfield code="6">245-02</subfield>
		<subfield code="a">العقد الفريد /</subfield>
		<subfield code="c">للإمام الفاضل شهاب الدين أحمد المعروف بإبن عبد ربه الأندلسي.</subfield>
	</datafield>
	<datafield ind1=" " ind2=" " tag="880">
		<subfield code="6">250-03</subfield>
		<subfield code="a">الطبعة الثانية.</subfield>
	</datafield>
	<datafield ind1=" " ind2="1" tag="880">
		<subfield code="6">264-04</subfield>
		<subfield code="a">مصر :</subfield>
		<subfield code="b">المطبعة الأزهرية،</subfield>
		<subfield code="c">1346 هـ. = 1928 م.</subfield>
	</datafield>
	<datafield ind1=" " ind2=" " tag="880">
		<subfield code="6">300-05</subfield>
		<subfield code="a">4 أجزاء ؛</subfield>
		<subfield code="c">24 سم</subfield>
	</datafield>
	<datafield ind1="0" ind2=" " tag="880">
		<subfield code="6">505-00</subfield>
		<subfield code="a">الجزء الأول. كتاب اللؤلؤة في السلطان -- كتاب الفريدة في الحروب ومدار أمرها -- كتاب الزبرجدة في الأجواد والأصفاد -- كتاب الجمانة في الوفود -- كتاب المرجانة في مخاطبة الملوك -- كتاب الياقوتة في العلم والادب – الجزء الثاني. كتاب الجوهرة في الأمثال – كتاب الزمردة في المواعظ والزهد -- كتاب الدرة في التعازي والمراثي -- كتاب اليتيمة في النسب وفضائل العرب – فرش كتاب كلاب الاعراب -- كتاب المجنبة في الاجوبة – فرش كتاب الخطب – الجزء الثالث. كتاب المجنبة الثانية في التوقيعات والفصول والصدور – كتاب اليتيمة الثانية في اخبار زياد والحجاج والطالبين والبرامكة -- كتاب الدرة الثانية في ايام العرب ووقائعها -- كتاب الزمردة الثانية في فضائل الشعر ومقاطعة مخارجه – الجزء الرابع. فرش كتاب الجوهرة الثانية في اعاريض الشعر وعلل القوافي – كتاب الياقوتة الثانية في الالحان وإختلاف الناس فيه – كتاب المرجانة الثانية في النساء وصفاتهن – كتاب الجمانة الثانية في المتنبئين والممرورين والبخلاء والطفيليين – فرش كتاب الزبرجدة الثانية في بيان طبائع الإنسان وسائر الحيوان وتفاضل البلدان – فرش كتاب الفريدة الثانية في الطعام والشراب -- كتاب اللؤلؤة الثانية في الفكاهات والملح.</subfield>
	</datafield>
	<datafield ind1=" " ind2="4" tag="880">
		<subfield code="6">650-06</subfield>
		<subfield code="a">الادب العربي</subfield>
		<subfield code="v">اعمال قديمة حتى 1800.</subfield>
	</datafield>
	<datafield ind1=" " ind2="4" tag="880">
		<subfield code="6">650-07</subfield>
		<subfield code="a">الشعر العربي</subfield>
		<subfield code="v">أعمال قديمة حتى 1800.</subfield>
	</datafield>
	<datafield ind1=" " ind2="4" tag="880">
		<subfield code="6">650-08</subfield>
		<subfield code="a">الشعراء العرب</subfield>
		<subfield code="x">أعمال قديمة حتى 1800.</subfield>
	</datafield>
	<datafield ind1=" " ind2="4" tag="880">
		<subfield code="6">650-09</subfield>
		<subfield code="a">الظرف والفكاهة العربية</subfield>
		<subfield code="v">اعمال قديمة حتى 1800.</subfield>
	</datafield>
	<datafield ind1="0" ind2=" " tag="880">
		<subfield code="6">775-10</subfield>
		<subfield code="t">كتاب العقد الفريد</subfield>
		<subfield code="d">بيروت : دار الكتاب العربي، 1403 هـ. = 1983 م.</subfield>
		<subfield code="w">b19168287</subfield>
	</datafield>
	<datafield ind1="0" ind2=" " tag="880">
		<subfield code="6">775-11</subfield>
		<subfield code="t">العقد الفريد.</subfield>
		<subfield code="b">الطبعة الثانية</subfield>
		<subfield code="d">القاهرة : مطبعة الإستقامة، 1372 [هـ.] = 1953 [م.]</subfield>
		<subfield code="w">b12527427</subfield>
		<subfield code="w">(OCoLC)784384918</subfield>
	</datafield>
	<datafield ind1="0" ind2=" " tag="880">
		<subfield code="6">775-12</subfield>
		<subfield code="t">العقد الفريد</subfield>
		<subfield code="d">بيروت : مكتبة صادر، 1951-1955</subfield>
		<subfield code="w">b12601950</subfield>
		<subfield code="w">(OCoLC)784425341</subfield>
	</datafield>
	<datafield ind1="0" ind2=" " tag="880">
		<subfield code="6">775-13</subfield>
		<subfield code="t">العقد الفريد.</subfield>
		<subfield code="b">الطبعة الأولى</subfield>
		<subfield code="d">مصر : المطبعة الجمالية، 1331 هـ. = 1913 م.</subfield>
		<subfield code="w">b12527452</subfield>
		<subfield code="w">(OCoLC)784384950</subfield>
	</datafield>
	<datafield ind1="0" ind2=" " tag="880">
		<subfield code="6">775-14</subfield>
		<subfield code="t">العقد الفريد.</subfield>
		<subfield code="b">الطبعة الثانية</subfield>
		<subfield code="d">بيروت : دار المسيرة، 1981</subfield>
		<subfield code="w">b12527476</subfield>
		<subfield code="w">(OCoLC)784384964</subfield>
	</datafield>
	<datafield ind1="0" ind2=" " tag="880">
		<subfield code="6">775-15</subfield>
		<subfield code="t">العقد الفريد</subfield>
		<subfield code="d">القاهرة، [مصر] : مطبعة لجنة التأليف والترجمة والنشر، 1367-1372 هـ. = 1940-1953 م.</subfield>
		<subfield code="w">b12527464</subfield>
		<subfield code="w">(OCoLC)784384955</subfield>
	</datafield>
	<datafield ind1="0" ind2=" " tag="880">
		<subfield code="6">775-16</subfield>
		<subfield code="t">العقد الفريد</subfield>
		<subfield code="d">بيروت : دار الكتاب العربي، 1406 هـ. = 1986 م.</subfield>
		<subfield code="w">b19179947</subfield>
	</datafield>
	<datafield ind1=" " ind2=" " tag="959">
		<subfield code="a">NNU</subfield>
		<subfield code="b">WEB</subfield>
		<subfield code="c">GENI</subfield>
		<subfield code="t">0</subfield>
		<subfield code="m">Electronic access</subfield>
		<subfield code="s">01</subfield>
	</datafield>
	<datafield ind1=" " ind2=" " tag="999">
		<subfield code="i">LeBAU_b17609756</subfield>
		<subfield code="s">aub_aco001636:v.1</subfield>
		<subfield code="s">aub_aco001637:v.2</subfield>
		<subfield code="s">aub_aco001638:v.3</subfield>
		<subfield code="s">aub_aco001639:v.4</subfield>
		<subfield code="e">(ERROR-MISC)</subfield>
		<subfield code="s">aub_aco001636:v.1</subfield>
		<subfield code="s">aub_aco001637:v.2</subfield>
		<subfield code="s">aub_aco001638:v.3</subfield>
		<subfield code="s">aub_aco001639:v.4</subfield>
	</datafield>
</record>
